@article{jayachandran,
title = {The difference between public and private blockchain},
url = { https://www.ibm.com/blogs/blockchain/2017/05/ the-difference-between-public-and-private-blockchain/},
year = {2017},
author = {Jayachandran, Praveen}
}

@article{nakamoto2008,
title = {Bitcoin: A Peer-to-Peer Electronic Cash System},
url = {https://bitcoin.org/en/bitcoin-paper},
author = {Nakamoto, Satoshi},
year={2008}
}

@article{liebkind2018,
title = {Public vs Private Blockchains: Challenges and Gaps},
url = { https://www.investopedia.com/news/ public-vs-private-blockchains-challenges-and-gaps/},
author = {Liebkind, Joe},
year = {2018}
}

@misc{ethereumweb,
title = {Ethereum project},
url = { https://www.ethereum.org}
}

@article{cachin2016,
title = {Architecture of the hyperledger blockchain fabric},
url = {https://www.zurich.ibm.com/dccl/papers/cachindccl.pdf},
author = {Cachin, Christian},
volume = {310},
year = {2016}
}

@article{hofmannstrewebosia,
title = {Supply Chain Finance and Blockchain Technology: The Case of Reverse Securitisation},
author = {Erik, Hofmann and Urs, Magnus, Strewe and Nicola Bosia},
publisher = {Springer},
year = {2017}
}